<record><leader>00000cas a22000007a 4500</leader><controlfield tag="001">27823090</controlfield><controlfield tag="008">930329d19771981caudr ne      0    0eng d</controlfield><datafield ind1=" " ind2=" " tag="010"><subfield code="a">sn 93052502 </subfield></datafield><datafield ind1=" " ind2=" " tag="040"><subfield code="a">CNK</subfield><subfield code="b">eng</subfield><subfield code="c">CNK</subfield><subfield code="d">OCLCQ</subfield></datafield><datafield ind1=" " ind2=" " tag="042"><subfield code="a">msc</subfield></datafield><datafield ind1="0" ind2=" " tag="130"><subfield code="a">Enterprise (Riverside, Calif. : 1977)</subfield></datafield><datafield ind1="1" ind2="4" tag="245"><subfield code="a">The enterprise.</subfield></datafield><datafield ind1="3" ind2="0" tag="246"><subfield code="a">Saturday press-enterprise</subfield></datafield><datafield ind1="3" ind2="0" tag="246"><subfield code="a">Sunday press-enterprise</subfield></datafield><datafield ind1="3" ind2="0" tag="246"><subfield code="a">Press-enterprise</subfield></datafield><datafield ind1="3" ind2="0" tag="246"><subfield code="a">Enterprise and the press</subfield></datafield><datafield ind1=" " ind2=" " tag="260"><subfield code="a">Riverside, Calif. :</subfield><subfield code="b">Press-Enterprise Co.</subfield></datafield><datafield ind1=" " ind2=" " tag="300"><subfield code="a">v.</subfield></datafield><datafield ind1=" " ind2=" " tag="310"><subfield code="a">Daily</subfield></datafield><datafield ind1="0" ind2=" " tag="362"><subfield code="a">Jan. 4, 1977-Sept. 7, 1981.</subfield></datafield><datafield ind1=" " ind2=" " tag="500"><subfield code="a">On Saturdays published as: Saturday press-enterprise.</subfield></datafield><datafield ind1=" " ind2=" " tag="500"><subfield code="a">On Sundays published as: Sunday press-enterprise.</subfield></datafield><datafield ind1=" " ind2=" " tag="500"><subfield code="a">On holidays published as: Press-enterprise.</subfield></datafield><datafield ind1=" " ind2="4" tag="651"><subfield code="a">Riverside County (Calif.)</subfield><subfield code="v">Newspapers.</subfield></datafield><datafield ind1=" " ind2=" " tag="752"><subfield code="a">United States</subfield><subfield code="b">California</subfield><subfield code="c">Riverside</subfield><subfield code="d">Riverside.</subfield></datafield><datafield ind1="0" ind2=" " tag="775"><subfield code="t">Press (Riverside, Calif.)</subfield><subfield code="w">(DLC)sn 92070106</subfield></datafield><datafield ind1="0" ind2="0" tag="780"><subfield code="t">Daily enterprise (Riverside, Calif. : 1962)</subfield><subfield code="w">(DLC)sn 93025201</subfield></datafield><datafield ind1="0" ind2="0" tag="785"><subfield code="t">Morning press-enterprise</subfield><subfield code="w">(DLC)sn 93052503</subfield></datafield><datafield ind1="1" ind2=" " tag="029"><subfield code="a">AU@</subfield><subfield code="b">000020736114</subfield></datafield></record>